
01,101000695,0054692306,211228,1326,1,,,2/                                      
02,0054692306,101000695,1,220915,1200,,/
03,9872473841,,015,+000000000000000,,,040,+000000000000000,,/                   
88,045,+000000000000000,,,072,+000000000000000,,,074,+000000000000000,,/        
88,050,+000000000000000,,,400,+000000000000000,,,100,+000000000000000,,/        
49,+000000000000000,00004/                                                      
03,9872473906,,015,+10000,,,040,+10000,,,045,+10000,,,072,+000000000000000,,/   
88,074,+000000000000000,,,050,+370,,,400,+000000000000000,,,100,+10000,,/       
16,165,10000,,,,ELEVATE MAIN  ACH  ELEVATE                                      
49,+000000000050370,00004/                                                      
03,9872473914,,015,+7103,,,040,+7103,,,045,+7103,,,072,+000000000000000,,/      
88,074,+000000000000000,,,050,+3364,,,400,+575,,,100,+000000000000000,,/        
16,455,575,,,,Elevate Settlmnt CardStlmnt Elevate Notional                      
49,+000000000025823,00004/
03,9872579860,,015,+000000000000000,,,040,+000000000000000,,/
88,045,+000000000000000,,,072,+000000000000000,,,074,+000000000000000,,/        
88,050,+000000000000000,,,400,+000000000000000,,,100,+000000000000000,,/        
49,+000000000000000,00004/                                                      
03,9872579879,,015,+000000000000000,,,040,+000000000000000,,,050,+402,,/        
88,045,+000000000000000,,,072,+000000000000000,,,074,+000000000000000,,/        
88,400,+575,,,100,+575,,/                                                       
16,165,575,,,,ELEVATE SETTLMNT SETTLE  ELEVATE8                                 
16,455,575,,,,UMBKC HLTHCARE  CARD SETTL                                        
49,+000000000002702,00006/
98,-0000000000439619,00009,0000041/                                             
99,-0000000000439619,00001,000043/   
                  
